2824 4478
670 449 690 488 v

200 618 372 692 sit-errare,
395 616 426 676 in
443 613 516 699 ipsis
530 592 808 678 Bamtitmm'snn
824 623 986 700 expertus,
1011 613 1163 696 inquibus

201 757 294 820 quum
309 744 339 800 ct
353 733 423 798 olim
439 743 471 799 et
491 753 587 818 nuper
608 733 697 798 etiam
718 734 750 797 in
765 733 905 819 Epitome
926 733 1080 798 doctrinae
1101 755 1164 800 mo·

200 855 297 920 tricae
312 856 341 938 §.
354 851 429 918 392.
448 873 513 916 eam
528 871 660 930 scenam,
671 875 746 937 quae
761 853 875 918 decima
890 863 937 916 est
951 863 1035 918 actus
1051 856 1160 937 quarti,

200 975 373 1038 alternatim
388 971 525 1038 versibus
540 974 738 1056 anapaesticis
760 973 923 1038 octonariis
939 984 970 1038 et
984 973 1163 1096 septenpriis

202 1094 343 1178 scriptam
358 1103 529 1178 putassem,
554 1113 632 1166 nunc
654 1093 773 1192 demum
793 1093 932 1159 intellexi
953 1103 1036 1158 recte
1058 1103 1088 1156 te
1110 1113 1162 1158 eos

202 1179 311 1280 persus
327 1234 430 1280 omues
446 1205 618 1277 octonarios
629 1233 697 1279 esse
708 1212 900 1278 iudicavisse.
919 1209 1052 1278 Omnino
1063 1205 1162 1280 autein

204 1335 249 1398 ita
262 1333 370 1418 ubique
384 1333 433 1398 vel
445 1333 522 1396 'ordo
536 1333 698 1398 verborum
719 1331 855 1396 turbatus
875 1341 940 1410 est,
963 1331 1013 1396 vel
1034 1335 1162 1398 omissae

205 1465 320 1518 temere
349 1453 522 1518 adicotaevc
551 1473 642 1516 voces
670 1473 794 1537 quaram
826 1452 936 1516 multus
965 1453 996 1516 in
1026 1453 1164 1518 familiari

203 1593 342 1638 sermone
372 1593 443 1636 usus
473 1582 537 1650 est,
569 1571 618 1635 vel
645 1571 908 1657 interpretationes
929 1571 1029 1636 verbis
1058 1583 1163 1658 poetae

203 1693 377 1770 immixtae,
409 1691 494 1756 cuius
523 1692 644 1777 generis
673 1702 706 1758 tu
736 1691 847 1758 eximia
876 1693 1040 1778 sagacitate
1069 1715 1165 1779 nuper

205 1813 342 1898 exempla
370 1812 403 1878 in
422 1809 600 1876 Trinummo
620 1813 783 1897 aperuisti,
816 1823 849 1878 ut
869 1821 920 1876 ant
941 1812 1053 1876 intacta
1071 1813 1164 1878 relin-

203 1954 308 2015 quere,
324 1952 401 2016 qnae
415 1940 518 2016 aperte
532 1931 622 1996 aliter
636 1953 653 1996 a
667 1929 779 1998 Plauto
795 1933 906 2018 scripta
920 1932 1044 2010 locunt,
1061 1943 1113 1998 aut
1127 1955 1164 1999 ea

203 2052 268 2136 sic,
293 2061 327 2116 nt
348 2072 415 2117 eum
437 2049 596 2135 scripsisse
615 2052 682 2116 veri
697 2053 795 2118 simile
810 2054 866 2130 sit,
891 2053 1043 2137 corrigere
1058 2052 1164 2118 leboa·

206 2193 284 2236 mus.
307 2169 470 2236 Praeterea
485 2171 535 2254 qtri
549 2170 581 2234 in
596 2170 643 2234 his
657 2170 746 2236 rebius
762 2193 823 2236 non
839 2172 997 2236 exercitati
1015 2182 1097 2250 sunt,
1121 2175 1164 2236 la-

208 2292 266 2357 cile
280 2294 378 2358 lerant
395 2309 472 2374 quae
493 2289 616 2354 ferenda
630 2310 691 2354 non
712 2311 779 2356 esse
801 2289 974 2374 diligentior
994 2289 1164 2356 observatio

206 2413 304 2491 docet,
320 2412 415 2477 velati
429 2431 490 2474 non
504 2410 615 2489 draca.
629 2410 682 2473 sed
697 2410 782 2489 deoc,
807 2431 866 2474 non
881 2409 966 2474 m'lta'l
976 2433 1094 2493 moror,
1112 2415 1164 2477 scd

205 2534 256 2598 cil
273 2552 380 2597 moror
402 2530 478 2609 clici3
507 2533 572 2596 εἰει
591 2531 646 2596 vix
667 2531 756 2596 aliter
778 2532 847 2617 poni
870 2551 956 2615 quam
980 2533 1111 2598 otiatus
1133 2534 1164 2597 in

206 2653 309 2718 ultima
318 2648 439 2736 *syllaba
453 2649 511 2728 sit3
536 2651 695 2729 dieraco,
721 2652 882 2716 dierectus
903 2651 1011 2735 ubique
1033 2652 1070 2716 ab
1093 2675 1165 2718 ana·

207 2779 309 2856 pacato
332 2743 484 2852 incipere;
515 2770 701 2834 cooeeadicio
727 2771 763 2836 ab
785 2771 916 2858 antiquis
938 2781 972 2836 ut
994 2777 1165 2838 coturnices

207 2889 430 2974 pronuntiatum
445 2888 1163 2974 ossa,qnotpraetaltaoohiounversun1120.

208 3009 255 3084 hic
269 3007 380 3073 Lucilii
396 3007 471 3092 apud
485 3006 620 3072 Nonium
633 3029 740 3074 versus
755 3021 920 3074 monstrat:
1000 2986 1005 2992 ¹

888 3133 969 3195 collo
985 3141 1082 3214 caput

278 3259 486 3324 mmmm,
505 3259 634 3313 mous
647 3249 822 3312 ructaretur
841 3248 1077 3314 cosccndict'bua.
1194 3315 1197 3321 ,
1235 3313 1238 3320 ,

206 3365 282 3434 Non
299 3369 420 3436 videtur
440 3369 518 3434 enim
538 3370 575 3434 dc
590 3369 737 3454 scriptura
751 3366 828 3452 apud
841 3365 978 3432 Nonium
994 3391 1023 3454 p.
1040 3368 1094 3435 at.
1112 3367 1165 3431 du·

207 3488 361 3554 mudum
376 3509 457 3568 csse,
481 3511 569 3572 quum
591 3489 641 3554 ille
656 3489 760 3554 eodem
775 3487 842 3552 looo
856 3489 946 3552 etiam
962 3507 1003 3552 ex
1017 3485 1165 3550 Varronis
1242 3513 1253 3520 -

209 3609 246 3672 de
259 3629 294 3674 ne
308 3609 422 3674 rustica
437 3607 462 3674 Ι.
480 3607 534 3686 20,
553 3607 583 3672 1.
601 3609 689 3674 huius
711 3607 847 3672 vocabuli
865 3607 1032 3691 wemmam
1047 3605 1162 3672 afferat.
