2824 4478
712 441 743 481 Vl

250 608 353 694 Quare
367 607 565 683 melcisua,
590 607 667 689 quod
682 603 815 671 Isidorus
830 602 917 692 Orig.
934 603 994 670 XI.
1013 606 1043 685 1,
1062 607 1115 672 72.
1133 609 1207 673 scri·

250 731 310 794 bit:
336 741 466 793 cenea
481 725 584 790 media
600 747 682 811 pars
703 730 845 812 corporis
860 729 1087 814 credensque
1103 730 1146 794 cd
1159 732 1206 792 ia-

248 853 367 937 guinu:
391 848 430 911 de
453 867 513 933 quc
535 819 708 931 Nigidius:
733 857 830 932 eaput
848 848 929 912 celle
950 847 1094 923 celtiber,
1120 859 1208 912 trae-

250 991 305 1032 cas
331 967 507 1030 sustinetur
534 967 624 1029 ccctis
654 975 687 1029 et
711 965 850 1052 genibus
876 958 1094 1054 cruribusque.
1146 964 1208 1050 Qui

250 1087 277 1150 si
298 1083 409 1149 Lucilii
429 1083 522 1149 verba
550 1085 582 1148 iu
609 1096 709 1148 mente
730 1077 851 1161 babuit,
879 1086 976 1152 videri
997 1096 1096 1173 potest
1116 1084 1208 1151 Luci-

249 1206 307 1270 lius
328 1203 476 1288 addidisse
497 1203 633 1290 genibus
653 1205 869 1291 amabilemque.
900 1199 1066 1292 Correptae
1095 1208 1209 1272 vocalis

249 1336 357 1390 testem
386 1334 553 1388 memorant
577 1320 725 1390 Serenum
747 1326 779 1390 in
800 1324 932 1390 carmine
951 1326 988 1392 de
1008 1327 1156 1392 medicina
1175 1353 1206 1395 v.

249 1439 325 1524 702.
352 1441 463 1522 1000„
487 1444 564 1528 apud
585 1463 670 1527 quem
702 1444 791 1507 eliam
813 1444 905 1508 lienis
925 1446 1023 1510 media
1044 1447 1145 1534 leuga,
1176 1460 1210 1513 ut

250 1574 281 1629 et
302 1561 445 1628 Valerius
467 1559 584 1626 Probus
605 1585 634 1647 p.
659 1560 762 1639 1444,
795 1561 868 1625 171.
901 1561 1005 1644 docet,
1037 1577 1068 1632 et
1096 1570 1208 1635 formae

212 1759 214 1764 Ι
248 1684 346 1762 ratic,
370 1683 397 1746 si
418 1681 595 1746 nominativi
619 1681 746 1767 elonga
768 1691 832 1758 est,
863 1682 1010 1766 postulat,
1042 1687 1153 1773 legitur
1173 1712 1206 1753 v.

248 1801 322 1867 418.
354 1799 452 1879 429„
489 1821 547 1885 quc
577 1801 643 1864 loce
671 1799 748 1884 quod
773 1800 825 1864 ille
853 1797 994 1868 Plautum
1022 1805 1122 1872 dicere
1151 1809 1206 1888 ait,

249 1922 346 1986 dulcia
367 1920 472 2007 grandi
501 1920 575 1985 lieni
594 1919 694 1984 miuus
713 1930 785 2005 apta
806 1939 886 1996 esse,
909 1920 942 1984 iu
963 1901 1002 1986 iis
1024 1946 1099 2007 quae
1129 1949 1208 1994 nune

248 2039 347 2106 Plana
368 2027 517 2105 habemus
533 2062 594 2104 uon
610 2049 723 2105 excae
754 2035 822 2105 'Sed
837 2061 925 2124 quum
941 2043 1005 2109 b‘ea
1017 2045 1133 2110 drabu's
1148 2049 1217 2134 syl·

248 2160 323 2225 labis
343 2159 593 2245 pronuntiandum
615 2159 656 2222 sil
674 2160 706 2224 in
722 2153 815 2224 Cure.
832 2157 874 2224 Π.
893 2160 929 2240 1,
953 2141 1007 2228 21.
1024 2164 1094 2244 29„
1118 2169 1207 2234 nimis

248 2283 355 2348 mirum
373 2282 463 2360 forat,
487 2279 514 2343 si
529 2281 621 2355 liene,
640 2282 720 2345 lieni
730 2280 839 2346 ibidem
853 2303 884 2345 v.
903 2279 934 2345 5.
953 2282 1209 2352 1129114111-

202 2453 208 2462 .
247 2425 311 2467 sum
325 2403 358 2465 in
374 2395 486 2464 Casina
499 2396 542 2463 Π.
557 2398 591 2477 6,
605 2396 658 2463 62.
678 2399 799 2485 syllabis
814 2400 881 2464 istis
896 2400 929 2463 in
943 2423 1031 2466 unam
1047 2409 1208 2471 contractis

249 2519 562 2605 proferendumesset=
580 2518 1208 2591 utnesciamaninccmmunisermcuela'en

249 2661 303 2725 per
317 2658 422 2704 omnes
437 2657 524 2701 casus
540 2659 557 2701 e
571 2635 705 2700 vocalem
720 2636 841 2702 brevem
857 2638 1010 2718 habuerit,
1034 2642 1208 2708 1111111111-

249 2783 306 2845 que
321 2761 354 2826 in
369 2731 495 2841 cbliquis
518 2755 636 2821 casibus
657 2776 781 2820 servare
797 2779 831 2836 e,
856 2778 941 2842 quam
964 2780 1017 2843 pro
1040 2781 1076 2825 eo
1098 2761 1208 2826 subsci.

250 2892 334 2946 mere
350 2883 373 2958 i,
390 2879 467 2962 qued
483 2877 647 2962 postillaret
661 2877 779 2959 quidem
793 2878 871 2944 ratio
886 2857 1095 2963 grammatica,
1120 2903 1209 2966 aures¹

249 3011 347 3065 autem
362 3009 397 3063 ut
410 2998 536 3061 insuave
550 2995 751 3081 repudiarent.

289 3121 292 3130 ’
332 3119 401 3206 Ego
416 3117 533 3202 quidem
547 3117 577 3180 id
593 3117 657 3200 egi,
683 3126 717 3178 ut
736 3116 829 3182 verba
843 3129 948 3204 poetae
963 3120 1006 3184 ita
1021 3120 1206 3200 exhiberem,

249 3239 491 3326 quemadmodum
514 3237 550 3301 ab
574 3259 609 3304 ec
631 3239 681 3302 vel
696 3240 807 3338 scripta
821 3261 890 3305 esse
904 3240 953 3305 vel
968 3240 1101 3327 potuisse
1116 3241 1208 3305 scribi

248 3362 443 3427 videbantur:
469 3378 544 3441 quae
559 3357 585 3420 si
601 3357 655 3421 eibi
670 3368 701 3420 et
716 3360 817 3443 paucis
832 3359 903 3439 illis,
921 3361 971 3444 qui
986 3362 1091 3425 harum
1105 3383 1207 3426 rerum
1346 3407 1350 3416 ·

249 3485 375 3567 aliquem
390 3499 512 3545 sensum
527 3479 647 3558 habeut,
664 3499 725 3543 non
740 3479 962 3564 displicuerint,
986 3503 1046 3546 non
1067 3503 1206 3566 quaeram

26 3688 34 3704 κ
142 3641 145 3646 -
250 3603 320 3685 quid
333 3601 378 3666 illi
393 3600 542 3678 sentiant,
568 3599 619 3683 qui
641 3610 693 3664 act
707 3599 865 3666 devoratas
881 3621 947 3667 cum
963 3603 1043 3668 omui
1058 3603 1207 3687 squallore
