2824 4478
254 621 342 683 quum
358 601 435 662 forte
450 617 561 682 genero
577 619 644 662 meo
658 595 706 661 M.
716 597 848 683 llauptio
859 598 892 662 in
904 596 1050 679 eolloquio
1067 598 1217 674 dioerem,¹

255 741 322 785 esse
337 717 480 783 nonnulla
494 717 525 780 in
541 716 591 779 illa
605 716 715 798 fabula,
735 738 809 802 quae
825 739 872 783 me
887 717 1000 782 reetius
1015 739 1100 801 quam
1116 720 1210 783 adhue

253 842 362 904 laetum
385 846 466 902 esset
488 837 680 901 constituisse
703 838 875 915 crederem,
906 839 1032 904 suadere
1052 838 1102 902 ille
1123 847 1211 920 atque

253 959 327 1024 adeo
350 955 464 1022 hortari
486 957 584 1042 eoepit
598 951 632 1021 ut
646 978 682 1022 ea
697 979 735 1022 ne
750 977 934 1042 premerem,
960 958 1013 1022 sed
1034 958 1164 1022 sinerem
1178 957 1211 1020 in

254 1088 440 1142 communem
455 1098 542 1141 usum
563 1078 680 1142 venire.
712 1076 947 1162 Repugnalram,
972 1077 1211 1164 opponebamque

253 1207 373 1282 praeter
394 1195 465 1273 illa,
489 1215 563 1279 quae
584 1197 672 1261 modo
694 1195 777 1276 dixi,
800 1197 875 1275 hoo,
900 1197 976 1280 quod
992 1218 1088 1280 neque
1104 1217 1211 1282 operae

253 1317 380 1403 pretium
404 1326 486 1381 esset
508 1317 556 1380 edi
577 1339 701 1400 quorum
723 1317 863 1402 pleraque
887 1314 1004 1398 quivis,
1029 1315 1133 1398 quiin
1156 1318 1212 1380 hoe
1302 1402 1305 1407 .
1404 1343 1405 1382 t

253 1456 366 1522 genere
380 1457 442 1502 uon
461 1436 569 1522 hospes
592 1447 690 1515 esset,
714 1437 779 1522 ipse
799 1445 902 1521 posset
922 1436 1093 1520 corrigere,
1116 1457 1212 1519 neque

185 1563 186 1572 ’
253 1577 379 1641 aequum
393 1557 558 1634 videretur,
579 1555 606 1617 si
621 1557 690 1638 quid
705 1556 831 1620 fortiore
845 1554 992 1617 medicina
1005 1554 1165 1640 indigeret,
1182 1554 1212 1618 id

253 1697 314 1742 non
329 1675 383 1740 tihi
399 1675 540 1759 relinqui,
551 1695 637 1758 quem
652 1687 683 1740 et
694 1675 904 1760 sospitatorem
916 1670 1016 1737 Plauti
1032 1673 1212 1738 exstiturum

211 1827 215 1834 ¹
253 1795 381 1874 aeirem,
406 1804 437 1858 et
456 1795 530 1860 milri
552 1804 697 1878 expertus
718 1815 816 1860 essem
834 1792 1057 1858 amicissimum.
1096 1791 1212 1859 Tamen

252 1915 302 1980 ille
316 1913 466 1992 instabat,
492 1913 534 1978 ita
555 1923 589 1977 ut
609 1913 698 1978 etiam
713 1934 767 1998 pro
782 1921 813 1976 te
827 1914 998 1998 sponderet.
1031 1911 1080 1978 Tu
1100 1904 1213 1979 videris

253 2055 292 2100 an
308 2034 499 2119 sponsionem
513 2031 573 2096 viri
584 2043 621 2126 ut
634 2033 707 2098 milri
724 2033 767 2098 ita
787 2032 841 2098 tibi
860 2053 978 2117 quoque
997 2032 1145 2097 carissimi
1164 2054 1213 2098 rn-

252 2166 314 2222 tam
336 2155 440 2220 fanias.
478 2152 526 2230 Ae
547 2152 640 2220 lanies
664 2173 771 2238 spero,
795 2154 822 2218 si
844 2127 1026 2242 eogitaveris
1041 2163 1134 2216 totam
1148 2173 1212 2218 rem

253 2275 327 2342 nihil
342 2276 422 2342 aliud
438 2273 497 2340 nisi
511 2274 611 2338 lusum
627 2293 706 2340 osse.
738 2271 820 2348 Nam
835 2274 904 2358 quid
918 2273 999 2339 aliud
1014 2283 1061 2338 est
1074 2270 1214 2340 Plautina

253 2397 413 2462 emendare
434 2415 522 2478 quam
543 2395 664 2472 ludere,
688 2358 787 2456 nonai
804 2403 857 2457 tua
878 2412 987 2476 opera,
1011 2391 1043 2454 in
1065 2413 1124 2474 qua
1145 2415 1213 2478 spes

255 2526 360 2580 nostra
373 2515 471 2598 posita
492 2525 555 2593 est,
580 2513 738 2578 seniorem
760 2511 819 2576 arti
834 2510 956 2578 eritioae
970 2508 1050 2572 viam
1065 2521 1213 2576 monstra-

254 2645 315 2699 tam
336 2631 522 2698 viderimus?
551 2628 736 2714 Quamquam
765 2641 828 2694 tum
846 2649 962 2712 quoque
990 2627 1113 2694 multum
1133 2631 1214 2695 arbi-

254 2754 314 2818 trio
324 2752 420 2818 oritioi
435 2751 655 2818 consedendum
671 2751 741 2829 erit,
752 2750 830 2834 quod
845 2749 976 2816 etiamsi
992 2749 1109 2814 eodioes
1124 2751 1214 2817 halre-

254 2877 363 2938 renrus'
385 2871 537 2955 eliquanto
566 2869 751 2953 antiquiores
780 2870 893 2935 nostris
912 2869 1013 2948 libris,
1038 2880 1157 2947 amen,
1181 2841 1215 2934 nt

255 2995 319 3078 ipse
348 2991 380 3056 in
410 2991 535 3077 epistola
547 2989 607 3054 'illa
631 2990 805 3069 ostendisti,
829 3011 917 3073 quam
939 2986 1113 3054 Mediolano
1135 3009 1214 3054 anno

257 3105 629 3178 CIDIDCCCXXXVII.
653 3111 690 3174 ad
711 3132 761 3176 me
782 3111 880 3174 datam
902 3109 1018 3176 diurrnis
1038 3107 1214 3192 antiquariis

256 3229 551 3316 Durmstadiensibus
566 3229 693 3308 inserui,
718 3251 780 3294 non
801 3240 885 3296 muta
908 3251 1011 3294 eorum
1032 3229 1105 3294 fides
1121 3239 1213 3306 esset,

257 3362 291 3416 ut
305 3371 409 3416 earere
423 3350 609 3417 divinatione
624 3370 798 3434 possemus,
823 3350 999 3435 praesertim
1021 3349 1053 3414 in
1075 3347 1213 3424 eantieis,

258 3493 383 3555 quorum
392 3470 515 3540 numeri
528 3469 630 3534 multis
644 3469 676 3535 in
691 3469 766 3534 loeis
780 3469 823 3533 ito
838 3469 986 3534 ebremou
1007 3478 1088 3545 sunt,
1113 3477 1147 3532 nt
1160 3467 1216 3531 vix

259 3594 355 3660 omnis
371 3591 465 3658 eximi
479 3588 624 3656 dubitatio
639 3588 744 3673 possit.
769 3585 840 3671 Quo
853 3589 885 3654 in
900 3609 1011 3674 genere
1026 3609 1113 3674 quam
1127 3588 1215 3652 lneile
