2824 4478
386 1190 675 1274 GODOFREDUS
694 1193 971 1264 HERMANNUS

639 1333 666 1384 s,
686 1333 718 1384 c.

294 1470 630 1543 FRIDERICO
664 1472 1061 1548 RITSCHELI'O.

201 1702 278 1788 Quis
293 1706 347 1770 cibi
362 1707 478 1788 videor,
494 1685 650 1774 Friderice
664 1709 825 1790 misaheli,
852 1712 902 1795 qui
916 1709 1044 1774 fabulam
1059 1707 1159 1773 Plena

202 1846 220 1887 a
241 1847 289 1889 me
311 1835 344 1889 ut
365 1827 448 1911 potui
468 1828 672 1906 emendatam,
695 1839 725 1892 et
753 1850 818 1894 eam
848 1830 965 1915 quidem
994 1827 1158 1892 Bacchides

201 1944 238 2007 ad
267 1954 298 2009 te
325 1945 475 2026 miserim,
496 1947 529 2010 in
550 1969 608 2030 qua
629 1946 683 2010 tibi
705 1961 857 2036 acceptum
878 1952 996 2029 redere,
1020 1960 1055 2014 ud
1076 1960 1158 2014 tuum

201 2063 333 2129 lahorem
353 2063 387 2127 in
409 2085 497 2130 usum
519 2089 618 2130 meum
637 2078 758 2132 vertens
774 2091 882 2154 operae
896 2071 1101 2155 compendium
1116 2071 1159 2133 fa·

201 2205 271 2248 cere
292 2163 461 2267 potuerim'i
493 2182 616 2267 Ecquae
638 2186 717 2247 enim
739 2187 836 2251 maiar
858 2189 984 2272 cogitari
1006 2189 1160 2253 temeritas

201 2309 319 2387 potest,
347 2321 433 2384 quam
448 2301 555 2366 fecisse
570 2321 632 2404 me3
655 2305 733 2386 quod
748 2314 797 2384 te,
823 2316 977 2389 postauam
992 2305 1161 2381 vetustissi-

201 2443 265 2486 mas
281 2420 467 2487 membranas
483 2423 683 2509 pertractasti
697 2423 793 2487 multe
804 2425 917 2488 rectius
927 2426 1073 2489 facturum
1086 2424 1162 2488 scie·
1231 2501 1233 2510 x

201 2541 290 2605 bam?
305 2553 358 2606 aut
374 2561 485 2626 ecquae
500 2542 648 2630 insignior
662 2545 794 2629 perfidia,
810 2565 897 2626 quam
912 2545 949 2608 ad
959 2541 1099 2608 Plautum
1114 2566 1162 2609 me

202 2663 299 2727 videri
313 2663 441 2743 redisse,
462 2685 550 2747 quum
566 2685 662 2748 nuper
675 2665 708 2728 in
722 2660 888 2729 Drasdeasi
904 2674 1054 2728 conventu
1069 2664 1162 2749 philo·

203 2783 340 2868 logorum
355 2783 507 2867 professus
522 2784 579 2846 sim
594 2805 642 2848 me
657 2785 737 2848 hunc
750 2793 880 2868 poetam,
891 2805 978 2874 quem
988 2793 1163 2868 praeceptor

203 2901 423 2967 meusReizius
434 2923 487 2986 pro
500 2923 610 2987 spensa
624 2903 696 2968 mihi
709 2923 776 2967 esse
786 2896 943 2980 voluisset,
954 2901 1007 2965 tibi
1019 2901 1161 2978 cessisse,

204 3022 254 3104 qui
270 3042 337 3085 eum
353 3041 469 3084 summa
489 3021 555 3085 iure
575 3022 631 3084 tibi
653 3021 804 3106 preprium
827 3021 1037 3086 vindicasses?
1062 3019 1164 3086 Tenes

135 3119 137 3124 Ι
204 3161 288 3205 reum
308 3141 555 3206 manifestarium.
594 3137 655 3206 Sed
682 3151 783 3204 mmen
805 3163 940 3205 caussam
963 3141 1068 3206 orandi
1089 3143 1166 3227 apud

88 3327 91 3344 ,
129 3298 134 3316 »
206 3283 330 3346 aequam
357 3261 484 3326 iadicem
507 3271 640 3346 potestas
664 3260 790 3325 dabitur.
836 3258 949 3346 Accipe
972 3261 1082 3346 igitur,
1107 3277 1165 3344 qao

206 3382 293 3444 mado
308 3380 382 3444 haec
396 3401 446 3444 res
462 3390 530 3444 acta
543 3380 594 3444 sit.
622 3379 845 3466 interpretabar
859 3382 915 3444 hoc
930 3379 1054 3445 hiberno
1070 3400 1165 3444 seme·
1204 3376 1209 3387 '

208 3489 309 3588 sariia
332 3501 441 3566 scholis
455 3497 644 3566 Academicis
659 3499 842 3580 Bacchides,
866 3501 939 3566 nihil
958 3500 1057 3565 minus
1079 3517 1165 3580 quam
1226 3555 1227 3558 ,

209 3621 246 3686 de
261 3621 375 3686 edenda
389 3643 424 3686 ea
439 3621 538 3686 fabula
552 3622 699 3707 cogitans.
730 3621 873 3687 Exeunte
889 3623 952 3686 fere
966 3619 1018 3684 illo
1033 3628 1167 3702 tempore
