2828 4472
654 425 696 490 83
962 436 1204 504 tvenne—nu

217 622 280 682 990
301 612 451 678 Daturum
466 615 496 677 id
512 633 560 678 me
575 612 663 676 hodie
678 610 797 678 mdlieri
811 623 883 678 unte
898 613 1069 699 vesperum

97 777 100 784 .
205 789 211 796 p
300 715 478 800 Priusquam
494 716 513 779 d
527 735 575 778 me
590 714 697 781 abiret.
722 714 814 795 nilne,
832 726 935 801 peter,
958 737 998 780 ne
1013 716 1156 800 peierem‚

301 814 396 897 Cura,
406 821 497 902 etque
510 817 623 881 abduce
638 837 685 880 me
701 816 769 880 hine
781 817 818 880 ub
831 820 897 896 uae,
908 817 1050 901 quantum
1058 829 1156 904 potes,

302 919 401 1004 Quam
416 919 538 1005 prdpter
552 930 667 984 tentum
682 919 781 983 ddmni
796 920 854 982 feei
871 929 901 983 et
915 917 1019 1004 fldgiti.

300 1019 386 1087 Cave
401 1020 456 1086 tibi
471 1022 590 1085 ducenti
606 1019 718 1087 niummi
734 1020 863 1086 dividiae
878 1022 975 1086 mant.

216 1131 280 1191 995
304 1119 450 1188 Sescenta
465 1133 548 1187 tanta
562 1123 695 1204 reddam,
714 1125 740 1187 si
756 1122 839 1202 vimi,
856 1121 922 1186 tihi.

303 1223 392 1303 Vale,
411 1227 499 1308 dtque
514 1225 588 1290 haee
604 1233 716 1296 eura,.“
744 1222 814 1307 quid
829 1245 908 1288 nune
923 1245 1042 1304 censes,
1060 1218 1158 1312 Chrpi-

692 1325 777 1389 sale?

587 1500 762 1544 cunrsnnus.

298 1578 386 1645 Nihil
401 1582 457 1666 ego
472 1581 527 1646 titi
541 1581 629 1646 hodie
644 1581 751 1644 edusili
766 1581 924 1665 quidquem
939 1581 1026 1660 dato,

298 1680 408 1766 Neque
415 1704 471 1768 ego
479 1681 555 1747 hedd
562 1683 809 1762 committemut,
816 1681 843 1746 si
850 1683 918 1766 qnid
925 1683 1077 1768 peeeettim
1085 1687 1155 1766 siet,

299 1780 424 1850 Fecisse
439 1787 520 1850 dieas
536 1784 572 1849 de
587 1807 655 1849 mea
670 1778 832 1848 Sententia.

198 1891 279 1951 1000
301 1884 428 1967 Verum,
445 1887 478 1951 tit
494 1909 550 1974 ego
566 1888 684 1972 opinor,
702 1888 759 1974 ego
774 1888 801 1950 si
816 1887 848 1949 in
862 1886 939 1950 istoe
954 1887 1012 1953 sim
1026 1888 1105 1969 loeo,

300 1983 378 2050 Dem
393 1988 491 2073 pdtius
507 1987 626 2065 eurum,
643 2010 730 2070 quam
742 1987 828 2052 'illum
844 1988 993 2074 eorrumpi
1009 1990 1116 2054 sinam.

300 2085 387 2153 Duae
402 2089 592 2152 edndieiones
607 2088 694 2152 stint:
712 2100 810 2153 uuam
825 2090 964 2173 aecipids,
982 2091 1069 2155 vide:

249 2198 255 2206 '
301 2189 361 2254 Vel
375 2199 408 2252 ut
422 2189 528 2254 adsum
543 2191 662 2274 perdes,
679 2190 734 2255 ved
743 2201 777 2254 ut
791 2200 908 2254 ametur
921 2191 1048 2275 peieret.

301 2290 369 2378 Ego
385 2291 481 2374 neque
496 2301 527 2356 te
541 2290 642 2370 iubeo,
660 2293 756 2376 neque
770 2301 853 2369 vete,
870 2312 966 2375 neque
981 2293 1104 2358 sudden.

591 2466 762 2509 urconunus.

199 2554 279 2614 1005
300 2545 432 2613 Miseret
445 2569 494 2611 me
508 2548 600 2611 illius.

589 2723 763 2765 oneremus.

653 2801 739 2867 Tuus
754 2813 812 2882 est,
830 2824 891 2866 non
906 2803 1013 2868 mirum
1025 2805 1110 2868 fecis.

302 2902 337 2968 Si
353 2901 417 2988 plius
433 2904 613 2988 perdundum
629 2905 681 2982 sit,
698 2905 814 2988 perisse
828 2904 967 2967 sudviust

302 3001 399 3087 Quem
414 3003 485 3068 illdd
500 3005 643 3088 flagitium
660 3006 747 3090 vdlgo
763 3004 972 3088 dispeleseere.

590 3178 760 3222 urcouunus.

301 3257 370 3326 Nee
385 3259 436 3322 ille
452 3260 557 3344 edepol
571 3258 685 3346 Ephesi
700 3258 792 3324 multe
807 3263 963 3327 mavellem
979 3266 1068 3341 foret,

302 3357 382 3423 Dum
397 3363 499 3426 sdlvos
515 3373 606 3443 esset,
625 3365 712 3448 quim
726 3365 896 3429 revenisset
911 3366 1041 3429 domum.

200 3469 280 3529 1010
303 3459 383 3545 Quid
405 3485 460 3550 ego
483 3463 582 3529 istnc?
602 3467 683 3550 qudd
704 3468 888 3552 perdundum
912 3478 976 3544 est,
1001 3484 1156 3550 properem

694 3570 828 3651 perdere.

912 3667 948 3729 6.
