<?xml version="1.0" encoding="UTF-8"?>
<!DOCTYPE html PUBLIC "-//W3C//DTD XHTML 1.0 Transitional//EN"
    "http://www.w3.org/TR/xhtml1/DTD/xhtml1-transitional.dtd">
<html xmlns="http://www.w3.org/1999/xhtml" xml:lang="en" lang="en">
 <head>
  <title>
</title>
<meta http-equiv="Content-Type" content="text/html;charset=utf-8" />
  <meta name='ocr-system' content='tesseract 3.04.00' />
  <meta name='ocr-capabilities' content='ocr_page ocr_carea ocr_par ocr_line ocrx_word'/>
</head>
<body>
  <div class='ocr_page' id='page_1' title='image "./recensuitgodofr00plaugoog_0012.png"; bbox 0 0 2824 4478; ppageno 0'>
   <div class='ocr_carea' id='block_1_1' title="bbox 666 401 708 441">
    <p class='ocr_par' dir='ltr' id='par_1_1' title="bbox 666 401 708 441">
     <span class='ocr_line' id='line_1_1' title="bbox 666 401 708 441; baseline 0 0"><span class='ocrx_word' id='word_1_1' title='bbox 666 401 708 441; x_wconf 83' lang='lat' dir='ltr'><strong>Vll</strong></span> 
     </span>
    </p>
   </div>
   <div class='ocr_carea' id='block_1_2' title="bbox 584 467 792 476">
    <p class='ocr_par' dir='ltr' id='par_1_2' title="bbox 584 467 792 476">
     <span class='ocr_line' id='line_1_2' title="bbox 584 467 792 476; baseline 0.005 -1"><span class='ocrx_word' id='word_1_2' title='bbox 584 467 792 476; x_wconf 49' lang='lat' dir='ltr'><strong>——u--w-a-..n</strong></span> 
     </span>
    </p>
   </div>
   <div class='ocr_carea' id='block_1_3' title="bbox 202 563 1166 1373">
    <p class='ocr_par' dir='ltr' id='par_1_3' title="bbox 202 563 1166 1373">
     <span class='ocr_line' id='line_1_3' title="bbox 204 563 1165 654; baseline 0.004 -26"><span class='ocrx_word' id='word_1_3' title='bbox 204 585 310 629; x_wconf 90' lang='lat' dir='ltr'><strong>sacras</strong></span> <span class='ocrx_word' id='word_1_4' title='bbox 323 563 511 628; x_wconf 77' lang='lat' dir='ltr'><strong>membranas</strong></span> <span class='ocrx_word' id='word_1_5' title='bbox 527 575 579 630; x_wconf 88' lang='lat' dir='ltr'><strong>aut</strong></span> <span class='ocrx_word' id='word_1_6' title='bbox 593 587 734 649; x_wconf 78' lang='lat' dir='ltr'><strong>procusos</strong></span> <span class='ocrx_word' id='word_1_7' title='bbox 758 565 794 630; x_wconf 83' lang='lat' dir='ltr'><strong>ab</strong></span> <span class='ocrx_word' id='word_1_8' title='bbox 814 587 882 654; x_wconf 72' lang='lat' dir='ltr'><strong>sese</strong></span> <span class='ocrx_word' id='word_1_9' title='bbox 903 569 1096 654; x_wconf 75' lang='lat' dir='ltr'><strong>confragosos</strong></span> <span class='ocrx_word' id='word_1_10' title='bbox 1112 589 1165 632; x_wconf 90' lang='lat' dir='ltr'><strong>nu-</strong></span> 
     </span>
     <span class='ocr_line' id='line_1_4' title="bbox 203 685 1166 769; baseline 0.002 -21"><span class='ocrx_word' id='word_1_11' title='bbox 203 705 307 749; x_wconf 86' lang='lat' dir='ltr'><strong>meros</strong></span> <span class='ocrx_word' id='word_1_12' title='bbox 329 685 622 769; x_wconf 61' lang='lat' dir='ltr'><strong>omnipotentemque</strong></span> <span class='ocrx_word' id='word_1_13' title='bbox 638 687 661 750; x_wconf 87' lang='lat' dir='ltr'><strong>d</strong></span> <span class='ocrx_word' id='word_1_14' title='bbox 670 687 799 752; x_wconf 82' lang='lat' dir='ltr'><strong>litteram</strong></span> <span class='ocrx_word' id='word_1_15' title='bbox 815 689 880 752; x_wconf 90' lang='lat' dir='ltr'><strong>sinc</strong></span> <span class='ocrx_word' id='word_1_16' title='bbox 896 689 1042 753; x_wconf 88' lang='lat' dir='ltr'><strong>cruditate</strong></span> <span class='ocrx_word' id='word_1_17' title='bbox 1054 709 1166 752; x_wconf 88' lang='lat' dir='ltr'><strong>eonco-</strong></span> 
     </span>
     <span class='ocr_line' id='line_1_5' title="bbox 203 801 1165 890; baseline 0.001 -21"><span class='ocrx_word' id='word_1_18' title='bbox 203 815 311 890; x_wconf 88' lang='lat' dir='ltr'><strong>quunt.</strong></span> <span class='ocrx_word' id='word_1_19' title='bbox 336 801 440 888; x_wconf 87' lang='lat' dir='ltr'><strong>ltaque</strong></span> <span class='ocrx_word' id='word_1_20' title='bbox 454 805 529 870; x_wconf 88' lang='lat' dir='ltr'><strong>nihil</strong></span> <span class='ocrx_word' id='word_1_21' title='bbox 543 807 742 874; x_wconf 84' lang='lat' dir='ltr'><strong>adnotationis</strong></span> <span class='ocrx_word' id='word_1_22' title='bbox 758 807 872 884; x_wconf 87' lang='lat' dir='ltr'><strong>adieci,</strong></span> <span class='ocrx_word' id='word_1_23' title='bbox 890 807 948 871; x_wconf 91' lang='lat' dir='ltr'><strong>nisi</strong></span> <span class='ocrx_word' id='word_1_24' title='bbox 971 810 1033 872; x_wconf 87' lang='lat' dir='ltr'><strong>lere</strong></span> <span class='ocrx_word' id='word_1_25' title='bbox 1049 818 1083 870; x_wconf 90' lang='lat' dir='ltr'><strong>ut</strong></span> <span class='ocrx_word' id='word_1_26' title='bbox 1104 825 1165 871; x_wconf 89' lang='lat' dir='ltr'><strong>me-</strong></span> 
     </span>
     <span class='ocr_line' id='line_1_6' title="bbox 202 924 1165 1010; baseline 0.002 -20"><span class='ocrx_word' id='word_1_27' title='bbox 202 924 398 990; x_wconf 87' lang='lat' dir='ltr'><strong>morabiliora</strong></span> <span class='ocrx_word' id='word_1_28' title='bbox 409 927 604 1010; x_wconf 89' lang='lat' dir='ltr'><strong>interpretum</strong></span> <span class='ocrx_word' id='word_1_29' title='bbox 616 930 814 992; x_wconf 86' lang='lat' dir='ltr'><strong>additamenta</strong></span> <span class='ocrx_word' id='word_1_30' title='bbox 829 927 1002 991; x_wconf 90' lang='lat' dir='ltr'><strong>indicarem.</strong></span> <span class='ocrx_word' id='word_1_31' title='bbox 1020 925 1165 992; x_wconf 83' lang='lat' dir='ltr'><strong>Putabam</strong></span> 
     </span>
     <span class='ocr_line' id='line_1_7' title="bbox 204 1045 1162 1133; baseline 0.001 -22"><span class='ocrx_word' id='word_1_32' title='bbox 204 1047 286 1111; x_wconf 90' lang='lat' dir='ltr'><strong>enim</strong></span> <span class='ocrx_word' id='word_1_33' title='bbox 298 1065 418 1110; x_wconf 81' lang='lat' dir='ltr'><strong>caussas</strong></span> <span class='ocrx_word' id='word_1_34' title='bbox 429 1045 625 1110; x_wconf 83' lang='lat' dir='ltr'><strong>mutationum</strong></span> <span class='ocrx_word' id='word_1_35' title='bbox 637 1069 710 1130; x_wconf 89' lang='lat' dir='ltr'><strong>quas</strong></span> <span class='ocrx_word' id='word_1_36' title='bbox 722 1048 859 1112; x_wconf 85' lang='lat' dir='ltr'><strong>iecissem</strong></span> <span class='ocrx_word' id='word_1_37' title='bbox 870 1048 907 1110; x_wconf 88' lang='lat' dir='ltr'><strong>ab</strong></span> <span class='ocrx_word' id='word_1_38' title='bbox 915 1047 1162 1133; x_wconf 82' lang='lat' dir='ltr'><strong>intelligentibus,</strong></span> 
     </span>
     <span class='ocr_line' id='line_1_8' title="bbox 204 1165 1165 1250; baseline 0.004 -22"><span class='ocrx_word' id='word_1_39' title='bbox 204 1167 233 1228; x_wconf 89' lang='lat' dir='ltr'><strong>si</strong></span> <span class='ocrx_word' id='word_1_40' title='bbox 250 1165 411 1250; x_wconf 88' lang='lat' dir='ltr'><strong>scripturas</strong></span> <span class='ocrx_word' id='word_1_41' title='bbox 427 1185 445 1226; x_wconf 90' lang='lat' dir='ltr'><strong>a</strong></span> <span class='ocrx_word' id='word_1_42' title='bbox 460 1175 490 1228; x_wconf 93' lang='lat' dir='ltr'><strong>te</strong></span> <span class='ocrx_word' id='word_1_43' title='bbox 500 1165 724 1232; x_wconf 80' lang='lat' dir='ltr'><strong>accuratissime</strong></span> <span class='ocrx_word' id='word_1_44' title='bbox 736 1187 777 1230; x_wconf 84' lang='lat' dir='ltr'><strong>ex</strong></span> <span class='ocrx_word' id='word_1_45' title='bbox 788 1167 941 1232; x_wconf 86' lang='lat' dir='ltr'><strong>veteribus</strong></span> <span class='ocrx_word' id='word_1_46' title='bbox 958 1167 1042 1232; x_wconf 85' lang='lat' dir='ltr'><strong>libris</strong></span> <span class='ocrx_word' id='word_1_47' title='bbox 1059 1188 1165 1232; x_wconf 84' lang='lat' dir='ltr'><strong>excer-</strong></span> 
     </span>
     <span class='ocr_line' id='line_1_9' title="bbox 205 1257 1164 1373; baseline 0.004 -25"><span class='ocrx_word' id='word_1_48' title='bbox 205 1295 272 1369; x_wconf 85' lang='lat' dir='ltr'><strong>ptas</strong></span> <span class='ocrx_word' id='word_1_49' title='bbox 286 1285 520 1362; x_wconf 86' lang='lat' dir='ltr'><strong>considerarent,</strong></span> <span class='ocrx_word' id='word_1_50' title='bbox 537 1285 627 1347; x_wconf 84' lang='lat' dir='ltr'><strong>etiam</strong></span> <span class='ocrx_word' id='word_1_51' title='bbox 650 1286 676 1348; x_wconf 93' lang='lat' dir='ltr'><strong>si</strong></span> <span class='ocrx_word' id='word_1_52' title='bbox 691 1295 820 1352; x_wconf 85' lang='lat' dir='ltr'><strong>tacerem</strong></span> <span class='ocrx_word' id='word_1_53' title='bbox 836 1298 1021 1373; x_wconf 88' lang='lat' dir='ltr'><strong>perspectum</strong></span> <span class='ocrx_word' id='word_1_54' title='bbox 1034 1288 1090 1366; x_wconf 89' lang='lat' dir='ltr'><strong>iri,</strong></span> <span class='ocrx_word' id='word_1_55' title='bbox 1116 1257 1164 1372; x_wconf 78' lang='lat' dir='ltr'><strong>qld</strong></span> 
     </span>
    </p>
   </div>
   <div class='ocr_carea' id='block_1_4' title="bbox 203 1403 1164 1853">
    <p class='ocr_par' dir='ltr' id='par_1_4' title="bbox 203 1403 1164 1853">
     <span class='ocr_line' id='line_1_10' title="bbox 204 1403 1164 1492; baseline 0.006 -24"><span class='ocrx_word' id='word_1_56' title='bbox 204 1426 257 1468; x_wconf 91' lang='lat' dir='ltr'><strong>eas</strong></span> <span class='ocrx_word' id='word_1_57' title='bbox 273 1414 371 1468; x_wconf 90' lang='lat' dir='ltr'><strong>autem</strong></span> <span class='ocrx_word' id='word_1_58' title='bbox 387 1426 447 1468; x_wconf 92' lang='lat' dir='ltr'><strong>non</strong></span> <span class='ocrx_word' id='word_1_59' title='bbox 461 1405 675 1490; x_wconf 84' lang='lat' dir='ltr'><strong>perspicerent,</strong></span> <span class='ocrx_word' id='word_1_60' title='bbox 692 1403 769 1491; x_wconf 87' lang='lat' dir='ltr'><strong>apud</strong></span> <span class='ocrx_word' id='word_1_61' title='bbox 784 1427 837 1471; x_wconf 88' lang='lat' dir='ltr'><strong>eos</strong></span> <span class='ocrx_word' id='word_1_62' title='bbox 853 1407 1028 1492; x_wconf 84' lang='lat' dir='ltr'><strong>explicando</strong></span> <span class='ocrx_word' id='word_1_63' title='bbox 1043 1409 1164 1474; x_wconf 89' lang='lat' dir='ltr'><strong>demon-</strong></span> 
     </span>
     <span class='ocr_line' id='line_1_11' title="bbox 204 1521 1164 1614; baseline 0.004 -26"><span class='ocrx_word' id='word_1_64' title='bbox 204 1524 384 1607; x_wconf 87' lang='lat' dir='ltr'><strong>strandoque</strong></span> <span class='ocrx_word' id='word_1_65' title='bbox 399 1545 519 1614; x_wconf 87' lang='lat' dir='ltr'><strong>operam</strong></span> <span class='ocrx_word' id='word_1_66' title='bbox 534 1526 627 1611; x_wconf 87' lang='lat' dir='ltr'><strong>perdi.</strong></span> <span class='ocrx_word' id='word_1_67' title='bbox 647 1521 750 1590; x_wconf 80' lang='lat' dir='ltr'><strong>&#39;Unus</strong></span> <span class='ocrx_word' id='word_1_68' title='bbox 766 1538 865 1591; x_wconf 91' lang='lat' dir='ltr'><strong>tamen</strong></span> <span class='ocrx_word' id='word_1_69' title='bbox 880 1527 963 1591; x_wconf 90' lang='lat' dir='ltr'><strong>loeus</strong></span> <span class='ocrx_word' id='word_1_70' title='bbox 980 1539 1037 1607; x_wconf 90' lang='lat' dir='ltr'><strong>est,</strong></span> <span class='ocrx_word' id='word_1_71' title='bbox 1055 1528 1090 1591; x_wconf 90' lang='lat' dir='ltr'><strong>de</strong></span> <span class='ocrx_word' id='word_1_72' title='bbox 1106 1550 1164 1612; x_wconf 90' lang='lat' dir='ltr'><strong>quo</strong></span> 
     </span>
     <span class='ocr_line' id='line_1_12' title="bbox 203 1643 1164 1732; baseline 0.004 -24"><span class='ocrx_word' id='word_1_73' title='bbox 203 1656 239 1708; x_wconf 95' lang='lat' dir='ltr'><strong>ut</strong></span> <span class='ocrx_word' id='word_1_74' title='bbox 252 1644 353 1730; x_wconf 90' lang='lat' dir='ltr'><strong>paucis</strong></span> <span class='ocrx_word' id='word_1_75' title='bbox 369 1645 464 1708; x_wconf 87' lang='lat' dir='ltr'><strong>dicam</strong></span> <span class='ocrx_word' id='word_1_76' title='bbox 486 1643 645 1710; x_wconf 82' lang='lat' dir='ltr'><strong>verborum</strong></span> <span class='ocrx_word' id='word_1_77' title='bbox 670 1645 836 1710; x_wconf 86' lang='lat' dir='ltr'><strong>obscuritas</strong></span> <span class='ocrx_word' id='word_1_78' title='bbox 858 1648 999 1732; x_wconf 89' lang='lat' dir='ltr'><strong>postulat.</strong></span> <span class='ocrx_word' id='word_1_79' title='bbox 1029 1646 1111 1712; x_wconf 88' lang='lat' dir='ltr'><strong>Nam</strong></span> <span class='ocrx_word' id='word_1_80' title='bbox 1133 1647 1164 1712; x_wconf 94' lang='lat' dir='ltr'><strong>in</strong></span> 
     </span>
     <span class='ocr_line' id='line_1_13' title="bbox 205 1763 1040 1853; baseline -0.002 -25"><span class='ocrx_word' id='word_1_81' title='bbox 205 1765 252 1828; x_wconf 90' lang='lat' dir='ltr'><strong>bis</strong></span> <span class='ocrx_word' id='word_1_82' title='bbox 267 1785 342 1848; x_wconf 89' lang='lat' dir='ltr'><strong>qnae</strong></span> <span class='ocrx_word' id='word_1_83' title='bbox 357 1763 426 1830; x_wconf 91' lang='lat' dir='ltr'><strong>libri</strong></span> <span class='ocrx_word' id='word_1_84' title='bbox 440 1789 472 1830; x_wconf 89' lang='lat' dir='ltr'><strong>v.</strong></span> <span class='ocrx_word' id='word_1_85' title='bbox 489 1764 565 1830; x_wconf 79' lang='lat'>247.</span> <span class='ocrx_word' id='word_1_86' title='bbox 582 1767 626 1830; x_wconf 90' lang='lat' dir='ltr'><strong>sic</strong></span> <span class='ocrx_word' id='word_1_87' title='bbox 641 1766 751 1852; x_wconf 85' lang='lat' dir='ltr'><strong>scripta</strong></span> <span class='ocrx_word' id='word_1_88' title='bbox 766 1767 920 1853; x_wconf 80' lang='lat' dir='ltr'><strong>praebent,</strong></span> <span class='ocrx_word' id='word_1_89' title='bbox 1036 1819 1040 1826; x_wconf 92' lang='lat'><em>.</em></span> 
     </span>
    </p>
   </div>
   <div class='ocr_carea' id='block_1_5' title="bbox 149 1888 1184 3647">
    <p class='ocr_par' dir='ltr' id='par_1_5' title="bbox 560 1888 1058 1974">
     <span class='ocr_line' id='line_1_14' title="bbox 560 1888 1058 1974; baseline -0.004 -22"><span class='ocrx_word' id='word_1_90' title='bbox 560 1897 655 1974; x_wconf 80' lang='lat' dir='ltr'><strong>atque</strong></span> <span class='ocrx_word' id='word_1_91' title='bbox 671 1910 731 1974; x_wconf 83' lang='lat' dir='ltr'><strong>ego</strong></span> <span class='ocrx_word' id='word_1_92' title='bbox 741 1888 877 1953; x_wconf 78' lang='lat' dir='ltr'><strong>lembum</strong></span> <span class='ocrx_word' id='word_1_93' title='bbox 893 1891 1058 1974; x_wconf 77' lang='lat' dir='ltr'><strong>conspicor</strong></span> 
     </span>
    </p>

    <p class='ocr_par' dir='ltr' id='par_1_6' title="bbox 149 1996 1184 3647">
     <span class='ocr_line' id='line_1_15' title="bbox 305 1996 1060 2094; baseline 0 -25"><span class='ocrx_word' id='word_1_94' title='bbox 305 1996 434 2094; x_wconf 73' lang='lat' dir='ltr'><strong>longum</strong></span> <span class='ocrx_word' id='word_1_95' title='bbox 450 2008 654 2090; x_wconf 77' lang='lat' dir='ltr'><strong>astrigeram</strong></span> <span class='ocrx_word' id='word_1_96' title='bbox 669 2008 842 2092; x_wconf 71' lang='lat' dir='ltr'><strong>maleficam</strong></span> <span class='ocrx_word' id='word_1_97' title='bbox 856 2009 1060 2080; x_wconf 76' lang='lat' dir='ltr'><strong>eoeomara‘er,</strong></span> 
     </span>
     <span class='ocr_line' id='line_1_16' title="bbox 206 2097 1164 2210; baseline 0 -22"><span class='ocrx_word' id='word_1_98' title='bbox 206 2097 285 2210; x_wconf 89' lang='lat' dir='ltr'><strong>quod</strong></span> <span class='ocrx_word' id='word_1_99' title='bbox 298 2123 437 2190; x_wconf 84' lang='lat' dir='ltr'><strong>Muretus</strong></span> <span class='ocrx_word' id='word_1_100' title='bbox 453 2123 544 2188; x_wconf 90' lang='lat' dir='ltr'><strong>scribi</strong></span> <span class='ocrx_word' id='word_1_101' title='bbox 558 2124 689 2204; x_wconf 86' lang='lat' dir='ltr'><strong>volebat,</strong></span> <span class='ocrx_word' id='word_1_102' title='bbox 708 2126 848 2210; x_wconf 82' lang='lat' dir='ltr'><strong>longum,</strong></span> <span class='ocrx_word' id='word_1_103' title='bbox 865 2127 1050 2210; x_wconf 69' lang='lat' dir='ltr'><strong>stra&#39;groncm,</strong></span> <span class='ocrx_word' id='word_1_104' title='bbox 1068 2125 1135 2188; x_wconf 82' lang='lat' dir='ltr'><strong>mal</strong></span> <span class='ocrx_word' id='word_1_105' title='bbox 1151 2163 1164 2173; x_wconf 96' lang='lat'><em>-</em></span> 
     </span>
     <span class='ocr_line' id='line_1_17' title="bbox 195 2242 1163 2334; baseline -0.004 -24"><span class='ocrx_word' id='word_1_106' title='bbox 195 2249 314 2334; x_wconf 82' lang='lat' dir='ltr'><strong>ficum,</strong></span> <span class='ocrx_word' id='word_1_107' title='bbox 337 2268 374 2312; x_wconf 91' lang='lat' dir='ltr'><strong>eo</strong></span> <span class='ocrx_word' id='word_1_108' title='bbox 394 2245 511 2329; x_wconf 91' lang='lat' dir='ltr'><strong>quidem</strong></span> <span class='ocrx_word' id='word_1_109' title='bbox 526 2244 613 2308; x_wconf 92' lang='lat' dir='ltr'><strong>modo</strong></span> <span class='ocrx_word' id='word_1_110' title='bbox 629 2265 686 2326; x_wconf 89' lang='lat' dir='ltr'><strong>quo</strong></span> <span class='ocrx_word' id='word_1_111' title='bbox 701 2243 752 2307; x_wconf 93' lang='lat' dir='ltr'><strong>ille</strong></span> <span class='ocrx_word' id='word_1_112' title='bbox 767 2242 906 2327; x_wconf 85' lang='lat' dir='ltr'><strong>putabat,</strong></span> <span class='ocrx_word' id='word_1_113' title='bbox 932 2254 965 2305; x_wconf 90' lang='lat' dir='ltr'><strong>ut</strong></span> <span class='ocrx_word' id='word_1_114' title='bbox 978 2245 1095 2328; x_wconf 77' lang='lat' dir='ltr'><strong>strigo,</strong></span> <span class='ocrx_word' id='word_1_115' title='bbox 1114 2244 1163 2325; x_wconf 91' lang='lat' dir='ltr'><strong>qui</strong></span> 
     </span>
     <span class='ocr_line' id='line_1_18' title="bbox 205 2361 1165 2452; baseline -0.006 -22"><span class='ocrx_word' id='word_1_116' title='bbox 205 2364 292 2450; x_wconf 75' lang='lat' dir='ltr'><strong>Italis</strong></span> <span class='ocrx_word' id='word_1_117' title='bbox 305 2376 455 2452; x_wconf 78' lang='lat' dir='ltr'><strong>stregoae</strong></span> <span class='ocrx_word' id='word_1_118' title='bbox 470 2362 638 2440; x_wconf 87' lang='lat' dir='ltr'><strong>diceretur,</strong></span> <span class='ocrx_word' id='word_1_119' title='bbox 662 2361 845 2442; x_wconf 85' lang='lat' dir='ltr'><strong>maleficum,</strong></span> <span class='ocrx_word' id='word_1_120' title='bbox 868 2361 925 2426; x_wconf 86' lang='lat' dir='ltr'><strong>boc</strong></span> <span class='ocrx_word' id='word_1_121' title='bbox 938 2371 987 2425; x_wconf 88' lang='lat' dir='ltr'><strong>est</strong></span> <span class='ocrx_word' id='word_1_122' title='bbox 1000 2381 1119 2446; x_wconf 83' lang='lat' dir='ltr'><strong>magum</strong></span> <span class='ocrx_word' id='word_1_123' title='bbox 1134 2371 1165 2426; x_wconf 91' lang='lat' dir='ltr'><strong>et</strong></span> 
     </span>
     <span class='ocr_line' id='line_1_19' title="bbox 205 2481 1161 2569; baseline -0.007 -17"><span class='ocrx_word' id='word_1_124' title='bbox 205 2487 370 2552; x_wconf 86' lang='lat' dir='ltr'><strong>veneficum</strong></span> <span class='ocrx_word' id='word_1_125' title='bbox 389 2485 593 2569; x_wconf 81' lang='lat' dir='ltr'><strong>significaret,</strong></span> <span class='ocrx_word' id='word_1_126' title='bbox 626 2481 720 2566; x_wconf 89' lang='lat' dir='ltr'><strong>accipi</strong></span> <span class='ocrx_word' id='word_1_127' title='bbox 745 2503 807 2546; x_wconf 92' lang='lat' dir='ltr'><strong>non</strong></span> <span class='ocrx_word' id='word_1_128' title='bbox 829 2502 917 2566; x_wconf 88' lang='lat' dir='ltr'><strong>posse</strong></span> <span class='ocrx_word' id='word_1_129' title='bbox 941 2492 1075 2567; x_wconf 86' lang='lat' dir='ltr'><strong>apertum</strong></span> <span class='ocrx_word' id='word_1_130' title='bbox 1097 2492 1161 2548; x_wconf 79' lang='lat' dir='ltr'><strong>esta</strong></span> 
     </span>
     <span class='ocr_line' id='line_1_20' title="bbox 185 2601 1162 2690; baseline -0.004 -20"><span class='ocrx_word' id='word_1_131' title='bbox 185 2607 315 2690; x_wconf 78' lang='lat' dir='ltr'><strong>-poterit</strong></span> <span class='ocrx_word' id='word_1_132' title='bbox 329 2625 403 2668; x_wconf 88' lang='lat' dir='ltr'><strong>vero</strong></span> <span class='ocrx_word' id='word_1_133' title='bbox 422 2602 555 2681; x_wconf 86' lang='lat' dir='ltr'><strong>admitti,</strong></span> <span class='ocrx_word' id='word_1_134' title='bbox 579 2603 606 2665; x_wconf 92' lang='lat' dir='ltr'><strong>si</strong></span> <span class='ocrx_word' id='word_1_135' title='bbox 628 2601 770 2688; x_wconf 74' lang='lat' dir='ltr'><strong>gracilem</strong></span> <span class='ocrx_word' id='word_1_136' title='bbox 792 2603 961 2689; x_wconf 82' lang='lat' dir='ltr'><strong>significare</strong></span> <span class='ocrx_word' id='word_1_137' title='bbox 983 2601 1162 2688; x_wconf 82' lang='lat' dir='ltr'><strong>putabimus,</strong></span> 
     </span>
     <span class='ocr_line' id='line_1_21' title="bbox 206 2718 1164 2811; baseline -0.006 -19"><span class='ocrx_word' id='word_1_138' title='bbox 206 2726 283 2811; x_wconf 87' lang='lat' dir='ltr'><strong>quod</strong></span> <span class='ocrx_word' id='word_1_139' title='bbox 298 2724 415 2809; x_wconf 88' lang='lat' dir='ltr'><strong>quidem</strong></span> <span class='ocrx_word' id='word_1_140' title='bbox 431 2745 487 2788; x_wconf 92' lang='lat' dir='ltr'><strong>neo</strong></span> <span class='ocrx_word' id='word_1_141' title='bbox 502 2741 613 2809; x_wconf 83' lang='lat' dir='ltr'><strong>negare</strong></span> <span class='ocrx_word' id='word_1_142' title='bbox 628 2741 723 2807; x_wconf 85' lang='lat' dir='ltr'><strong>neque</strong></span> <span class='ocrx_word' id='word_1_143' title='bbox 743 2722 888 2786; x_wconf 85' lang='lat' dir='ltr'><strong>affirmare</strong></span> <span class='ocrx_word' id='word_1_144' title='bbox 902 2721 1004 2786; x_wconf 85' lang='lat' dir='ltr'><strong>velim.</strong></span> <span class='ocrx_word' id='word_1_145' title='bbox 1028 2718 1164 2786; x_wconf 84' lang='lat' dir='ltr'><strong>Pertinet</strong></span> 
     </span>
     <span class='ocr_line' id='line_1_22' title="bbox 205 2838 1164 2928; baseline -0.004 -20"><span class='ocrx_word' id='word_1_146' title='bbox 205 2846 241 2909; x_wconf 86' lang='lat' dir='ltr'><strong>ad</strong></span> <span class='ocrx_word' id='word_1_147' title='bbox 257 2847 332 2909; x_wconf 85' lang='lat' dir='ltr'><strong>hanc</strong></span> <span class='ocrx_word' id='word_1_148' title='bbox 347 2845 564 2928; x_wconf 83' lang='lat' dir='ltr'><strong>quaestionem,</strong></span> <span class='ocrx_word' id='word_1_149' title='bbox 589 2841 666 2924; x_wconf 91' lang='lat' dir='ltr'><strong>quod</strong></span> <span class='ocrx_word' id='word_1_150' title='bbox 682 2840 758 2926; x_wconf 92' lang='lat' dir='ltr'><strong>apud</strong></span> <span class='ocrx_word' id='word_1_151' title='bbox 771 2838 896 2904; x_wconf 85' lang='lat' dir='ltr'><strong>Festum</strong></span> <span class='ocrx_word' id='word_1_152' title='bbox 912 2863 940 2925; x_wconf 93' lang='lat' dir='ltr'><strong>p.</strong></span> <span class='ocrx_word' id='word_1_153' title='bbox 958 2839 1032 2919; x_wconf 82' lang='lat'><strong>314,</strong></span> <span class='ocrx_word' id='word_1_154' title='bbox 1050 2839 1103 2905; x_wconf 84' lang='lat'><strong>27.</strong></span> <span class='ocrx_word' id='word_1_155' title='bbox 1114 2841 1164 2904; x_wconf 72' lang='lat' dir='ltr'><strong>‚ila</strong></span> 
     </span>
     <span class='ocr_line' id='line_1_23' title="bbox 149 2953 1184 3050; baseline -0.005 -20"><span class='ocrx_word' id='word_1_156' title='bbox 149 2975 153 2984; x_wconf 91' lang='lat'><em>&#39;</em></span> <span class='ocrx_word' id='word_1_157' title='bbox 207 2965 358 3050; x_wconf 84' lang='lat' dir='ltr'><strong>expletum</strong></span> <span class='ocrx_word' id='word_1_158' title='bbox 373 2961 499 3049; x_wconf 82' lang='lat' dir='ltr'><strong>legitur:</strong></span> <span class='ocrx_word' id='word_1_159' title='bbox 518 2961 685 3046; x_wconf 79' lang='lat' dir='ltr'><strong>Strigores</strong></span> <span class='ocrx_word' id='word_1_160' title='bbox 698 2958 831 3025; x_wconf 75' lang='lat' dir='ltr'><strong>abNelei</strong></span> <span class='ocrx_word' id='word_1_161' title='bbox 843 2960 976 3026; x_wconf 88' lang='lat' dir='ltr'><strong>carmine</strong></span> <span class='ocrx_word' id='word_1_162' title='bbox 984 2981 1037 3044; x_wconf 86' lang='lat' dir='ltr'><strong>pro</strong></span> <span class='ocrx_word' id='word_1_163' title='bbox 1045 2963 1163 3047; x_wconf 79' lang='lat' dir='ltr'><strong>strigo·</strong></span> <span class='ocrx_word' id='word_1_164' title='bbox 1182 2953 1184 2958; x_wconf 65' lang='grc'><strong>’</strong></span> 
     </span>
     <span class='ocr_line' id='line_1_24' title="bbox 205 3077 1162 3170; baseline -0.005 -23"><span class='ocrx_word' id='word_1_165' title='bbox 205 3087 250 3147; x_wconf 78' lang='lat' dir='ltr'><strong>sis</strong></span> <span class='ocrx_word' id='word_1_166' title='bbox 259 3087 398 3170; x_wconf 77' lang='lat' dir='ltr'><strong>positum</strong></span> <span class='ocrx_word' id='word_1_167' title='bbox 413 3082 581 3159; x_wconf 87' lang='lat' dir='ltr'><strong>invenitur,</strong></span> <span class='ocrx_word' id='word_1_168' title='bbox 603 3081 632 3144; x_wconf 94' lang='lat' dir='ltr'><strong>id</strong></span> <span class='ocrx_word' id='word_1_169' title='bbox 654 3088 700 3142; x_wconf 93' lang='lat' dir='ltr'><strong>est</strong></span> <span class='ocrx_word' id='word_1_170' title='bbox 722 3077 881 3143; x_wconf 82' lang='lat' dir='ltr'><strong>densarum</strong></span> <span class='ocrx_word' id='word_1_171' title='bbox 901 3082 1014 3143; x_wconf 69' lang='lat' dir='ltr'><strong>virium</strong></span> <span class='ocrx_word' id='word_1_172' title='bbox 1035 3079 1162 3143; x_wconf 85' lang='lat' dir='ltr'><strong>bomini-</strong></span> 
     </span>
     <span class='ocr_line' id='line_1_25' title="bbox 206 3194 1162 3286; baseline -0.003 -22"><span class='ocrx_word' id='word_1_173' title='bbox 206 3202 271 3265; x_wconf 89' lang='lat' dir='ltr'><strong>bus.</strong></span> <span class='ocrx_word' id='word_1_174' title='bbox 290 3203 438 3286; x_wconf 81' lang='lat' dir='ltr'><strong>strigores</strong></span> <span class='ocrx_word' id='word_1_175' title='bbox 454 3202 602 3265; x_wconf 66' lang='lat' dir='ltr'><strong>coerciti.</strong></span> <span class='ocrx_word' id='word_1_176' title='bbox 621 3199 673 3263; x_wconf 82' lang='lat' dir='ltr'><strong>Ex</strong></span> <span class='ocrx_word' id='word_1_177' title='bbox 689 3217 746 3282; x_wconf 86' lang='lat' dir='ltr'><strong>quo</strong></span> <span class='ocrx_word' id='word_1_178' title='bbox 760 3194 890 3262; x_wconf 85' lang='lat' dir='ltr'><strong>Paulus:</strong></span> <span class='ocrx_word' id='word_1_179' title='bbox 909 3197 1074 3284; x_wconf 79' lang='lat' dir='ltr'><strong>Strigores</strong></span> <span class='ocrx_word' id='word_1_180' title='bbox 1088 3199 1162 3262; x_wconf 82' lang='lat' dir='ltr'><strong>den-</strong></span> 
     </span>
     <span class='ocr_line' id='line_1_26' title="bbox 204 3317 1162 3400; baseline -0.007 -14"><span class='ocrx_word' id='word_1_181' title='bbox 204 3345 310 3388; x_wconf 81' lang='lat' dir='ltr'><strong>sarum</strong></span> <span class='ocrx_word' id='word_1_182' title='bbox 325 3325 438 3387; x_wconf 81' lang='lat' dir='ltr'><strong>cc&#39;riam</strong></span> <span class='ocrx_word' id='word_1_183' title='bbox 452 3323 603 3386; x_wconf 79' lang='lat' dir='ltr'><strong>domines.</strong></span> <span class='ocrx_word' id='word_1_184' title='bbox 633 3319 677 3382; x_wconf 85' lang='lat' dir='ltr'><strong>At</strong></span> <span class='ocrx_word' id='word_1_185' title='bbox 696 3317 831 3380; x_wconf 88' lang='lat' dir='ltr'><strong>homines</strong></span> <span class='ocrx_word' id='word_1_186' title='bbox 847 3317 964 3400; x_wconf 90' lang='lat' dir='ltr'><strong>quidem</strong></span> <span class='ocrx_word' id='word_1_187' title='bbox 980 3318 1007 3381; x_wconf 89' lang='lat' dir='ltr'><strong>si</strong></span> <span class='ocrx_word' id='word_1_188' title='bbox 1021 3319 1074 3382; x_wconf 85' lang='lat' dir='ltr'><strong>tali</strong></span> <span class='ocrx_word' id='word_1_189' title='bbox 1089 3338 1162 3400; x_wconf 92' lang='lat' dir='ltr'><strong>quo·</strong></span> 
     </span>
     <span class='ocr_line' id='line_1_27' title="bbox 204 3436 1162 3524; baseline -0.007 -18"><span class='ocrx_word' id='word_1_190' title='bbox 204 3443 270 3506; x_wconf 91' lang='lat' dir='ltr'><strong>dam</strong></span> <span class='ocrx_word' id='word_1_191' title='bbox 286 3442 406 3506; x_wconf 92' lang='lat' dir='ltr'><strong>nomine</strong></span> <span class='ocrx_word' id='word_1_192' title='bbox 427 3442 498 3506; x_wconf 91' lang='lat' dir='ltr'><strong>dicti</strong></span> <span class='ocrx_word' id='word_1_193' title='bbox 521 3450 609 3518; x_wconf 85' lang='lat' dir='ltr'><strong>sunt,</strong></span> <span class='ocrx_word' id='word_1_194' title='bbox 632 3440 794 3524; x_wconf 72' lang='lat' dir='ltr'><strong>strigores</strong></span> <span class='ocrx_word' id='word_1_195' title='bbox 814 3436 871 3501; x_wconf 90' lang='lat' dir='ltr'><strong>dici</strong></span> <span class='ocrx_word' id='word_1_196' title='bbox 895 3436 1076 3515; x_wconf 86' lang='lat' dir='ltr'><strong>debuerunt,</strong></span> <span class='ocrx_word' id='word_1_197' title='bbox 1089 3457 1162 3502; x_wconf 22' lang='lat' dir='ltr'><strong>*non</strong></span> 
     </span>
     <span class='ocr_line' id='line_1_28' title="bbox 202 3533 1162 3647; baseline -0.007 -21"><span class='ocrx_word' id='word_1_198' title='bbox 202 3533 365 3646; x_wconf 80' lang='lat' dir='ltr'><strong>potuerunt</strong></span> <span class='ocrx_word' id='word_1_199' title='bbox 379 3572 478 3628; x_wconf 89' lang='lat' dir='ltr'><strong>autem</strong></span> <span class='ocrx_word' id='word_1_200' title='bbox 493 3563 663 3647; x_wconf 80' lang='lat' dir='ltr'><strong>strigores.</strong></span> <span class='ocrx_word' id='word_1_201' title='bbox 681 3555 755 3623; x_wconf 92' lang='lat' dir='ltr'><strong>Non</strong></span> <span class='ocrx_word' id='word_1_202' title='bbox 769 3558 871 3643; x_wconf 88' lang='lat' dir='ltr'><strong>putavi</strong></span> <span class='ocrx_word' id='word_1_203' title='bbox 885 3567 985 3621; x_wconf 88' lang='lat' dir='ltr'><strong>tamen</strong></span> <span class='ocrx_word' id='word_1_204' title='bbox 1000 3565 1060 3620; x_wconf 85' lang='lat' dir='ltr'><strong>tam</strong></span> <span class='ocrx_word' id='word_1_205' title='bbox 1076 3553 1162 3619; x_wconf 89' lang='lat' dir='ltr'><strong>dubia</strong></span> 
     </span>
    </p>
   </div>
   <div class='ocr_carea' id='block_1_6' title="bbox 0 0 1416 4478">
    <p class='ocr_par' dir='ltr' id='par_1_7' title="bbox 0 0 1416 4478">
     <span class='ocr_line' id='line_1_29' title="bbox 0 0 1416 4478; baseline 0 0"><span class='ocrx_word' id='word_1_206' title='bbox 0 0 1416 4478; x_wconf 95' lang='lat' dir='ltr'><strong> </strong></span> 
     </span>
    </p>
   </div>
  </div>
 </body>
</html>
